%YAML 1.1
%TAG !u! tag:unity3d.com,2011:
--- !u!29 &1
SceneSettings:
  m_ObjectHideFlags: 0
  m_PVSData: 
  m_PVSObjectsArray: []
  m_PVSPortalsArray: []
  m_OcclusionBakeSettings:
    smallestOccluder: 5
    smallestHole: .25
    backfaceThreshold: 100
--- !u!104 &2
RenderSettings:
  m_ObjectHideFlags: 0
  serializedVersion: 6
  m_Fog: 0
  m_FogColor: {r: .5, g: .5, b: .5, a: 1}
  m_FogMode: 3
  m_FogDensity: .00999999978
  m_LinearFogStart: 0
  m_LinearFogEnd: 300
  m_AmbientSkyColor: {r: .200000003, g: .200000003, b: .200000003, a: 1}
  m_AmbientEquatorColor: {r: .200000003, g: .200000003, b: .200000003, a: 1}
  m_AmbientGroundColor: {r: .200000003, g: .200000003, b: .200000003, a: 1}
  m_AmbientIntensity: 1
  m_AmbientMode: 3
  m_SkyboxMaterial: {fileID: 0}
  m_HaloStrength: .5
  m_FlareStrength: 1
  m_FlareFadeSpeed: 3
  m_HaloTexture: {fileID: 0}
  m_SpotCookie: {fileID: 10001, guid: 0000000000000000e000000000000000, type: 0}
  m_DefaultReflectionMode: 0
  m_DefaultReflectionResolution: 128
  m_ReflectionBounces: 1
  m_ReflectionIntensity: 1
  m_CustomReflection: {fileID: 0}
  m_Sun: {fileID: 0}
--- !u!127 &3
LevelGameManager:
  m_ObjectHideFlags: 0
--- !u!157 &4
LightmapSettings:
  m_ObjectHideFlags: 0
  serializedVersion: 5
  m_GIWorkflowMode: 1
  m_LightmapsMode: 1
  m_GISettings:
    serializedVersion: 2
    m_BounceScale: 1
    m_IndirectOutputScale: 1
    m_AlbedoBoost: 1
    m_TemporalCoherenceThreshold: 1
    m_EnvironmentLightingMode: 0
    m_EnableBakedLightmaps: 1
    m_EnableRealtimeLightmaps: 0
  m_LightmapEditorSettings:
    serializedVersion: 3
    m_Resolution: 1
    m_BakeResolution: 50
    m_TextureWidth: 1024
    m_TextureHeight: 1024
    m_AOMaxDistance: 1
    m_Padding: 2
    m_CompAOExponent: 0
    m_LightmapParameters: {fileID: 0}
    m_TextureCompression: 0
    m_FinalGather: 0
    m_FinalGatherRayCount: 1024
  m_LightmapSnapshot: {fileID: 0}
  m_RuntimeCPUUsage: 25
--- !u!196 &5
NavMeshSettings:
  serializedVersion: 2
  m_ObjectHideFlags: 0
  m_BuildSettings:
    serializedVersion: 2
    agentRadius: .5
    agentHeight: 2
    agentSlope: 45
    agentClimb: .400000006
    ledgeDropHeight: 0
    maxJumpAcrossDistance: 0
    accuratePlacement: 0
    minRegionArea: 2
    cellSize: .166666657
    manualCellSize: 0
  m_NavMeshData: {fileID: 0}
--- !u!1 &107696406
GameObject:
  m_ObjectHideFlags: 0
  m_PrefabParentObject: {fileID: 0}
  m_PrefabInternal: {fileID: 0}
  serializedVersion: 4
  m_Component:
  - 4: {fileID: 107696407}
  - 61: {fileID: 107696410}
  - 33: {fileID: 107696409}
  - 23: {fileID: 107696408}
  m_Layer: 0
  m_Name: Bottom
  m_TagString: Untagged
  m_Icon: {fileID: 0}
  m_NavMeshLayer: 0
  m_StaticEditorFlags: 0
  m_IsActive: 1
--- !u!4 &107696407
Transform:
  m_ObjectHideFlags: 0
  m_PrefabParentObject: {fileID: 0}
  m_PrefabInternal: {fileID: 0}
  m_GameObject: {fileID: 107696406}
  m_LocalRotation: {x: 0, y: 0, z: 0, w: 1}
  m_LocalPosition: {x: 0, y: -14.6499996, z: 0}
  m_LocalScale: {x: 43, y: 1, z: 1}
  m_Children: []
  m_Father: {fileID: 286598312}
  m_RootOrder: 1
--- !u!23 &107696408
MeshRenderer:
  m_ObjectHideFlags: 0
  m_PrefabParentObject: {fileID: 0}
  m_PrefabInternal: {fileID: 0}
  m_GameObject: {fileID: 107696406}
  m_Enabled: 1
  m_CastShadows: 0
  m_ReceiveShadows: 0
  m_Materials:
  - {fileID: 10754, guid: 0000000000000000e000000000000000, type: 0}
  m_SubsetIndices: 
  m_StaticBatchRoot: {fileID: 0}
  m_UseLightProbes: 0
  m_ReflectionProbeUsage: 0
  m_ProbeAnchor: {fileID: 0}
  m_ScaleInLightmap: 1
  m_PreserveUVs: 0
  m_ImportantGI: 0
  m_AutoUVMaxDistance: .5
  m_AutoUVMaxAngle: 89
  m_LightmapParameters: {fileID: 0}
  m_SortingLayerID: 0
  m_SortingOrder: 0
--- !u!33 &107696409
MeshFilter:
  m_ObjectHideFlags: 0
  m_PrefabParentObject: {fileID: 0}
  m_PrefabInternal: {fileID: 0}
  m_GameObject: {fileID: 107696406}
  m_Mesh: {fileID: 10210, guid: 0000000000000000e000000000000000, type: 0}
--- !u!61 &107696410
BoxCollider2D:
  m_ObjectHideFlags: 0
  m_PrefabParentObject: {fileID: 0}
  m_PrefabInternal: {fileID: 0}
  m_GameObject: {fileID: 107696406}
  m_Enabled: 1
  m_Material: {fileID: 0}
  m_IsTrigger: 0
  m_UsedByEffector: 0
  m_Offset: {x: 0, y: 0}
  serializedVersion: 2
  m_Size: {x: 1, y: 1}
--- !u!1001 &204123123
Prefab:
  m_ObjectHideFlags: 0
  serializedVersion: 2
  m_Modification:
    m_TransformParent: {fileID: 0}
    m_Modifications:
    - target: {fileID: 424062, guid: 686ce031ecc8ebf4193b15d8d50fab2d, type: 2}
      propertyPath: m_LocalPosition.x
      value: -1.16999996
      objectReference: {fileID: 0}
    - target: {fileID: 424062, guid: 686ce031ecc8ebf4193b15d8d50fab2d, type: 2}
      propertyPath: m_LocalPosition.y
      value: 6.19999981
      objectReference: {fileID: 0}
    - target: {fileID: 424062, guid: 686ce031ecc8ebf4193b15d8d50fab2d, type: 2}
      propertyPath: m_LocalPosition.z
      value: 0
      objectReference: {fileID: 0}
    - target: {fileID: 424062, guid: 686ce031ecc8ebf4193b15d8d50fab2d, type: 2}
      propertyPath: m_LocalRotation.x
      value: 0
      objectReference: {fileID: 0}
    - target: {fileID: 424062, guid: 686ce031ecc8ebf4193b15d8d50fab2d, type: 2}
      propertyPath: m_LocalRotation.y
      value: 0
      objectReference: {fileID: 0}
    - target: {fileID: 424062, guid: 686ce031ecc8ebf4193b15d8d50fab2d, type: 2}
      propertyPath: m_LocalRotation.z
      value: 0
      objectReference: {fileID: 0}
    - target: {fileID: 424062, guid: 686ce031ecc8ebf4193b15d8d50fab2d, type: 2}
      propertyPath: m_LocalRotation.w
      value: 1
      objectReference: {fileID: 0}
    - target: {fileID: 424062, guid: 686ce031ecc8ebf4193b15d8d50fab2d, type: 2}
      propertyPath: m_RootOrder
      value: 1
      objectReference: {fileID: 0}
    - target: {fileID: 101260, guid: 686ce031ecc8ebf4193b15d8d50fab2d, type: 2}
      propertyPath: m_Name
      value: Pig (10)
      objectReference: {fileID: 0}
    m_RemovedComponents: []
  m_ParentPrefab: {fileID: 100100000, guid: 686ce031ecc8ebf4193b15d8d50fab2d, type: 2}
  m_IsPrefabParent: 0
--- !u!1001 &236929342
Prefab:
  m_ObjectHideFlags: 0
  serializedVersion: 2
  m_Modification:
    m_TransformParent: {fileID: 0}
    m_Modifications:
    - target: {fileID: 424062, guid: 686ce031ecc8ebf4193b15d8d50fab2d, type: 2}
      propertyPath: m_LocalPosition.x
      value: -6.13000011
      objectReference: {fileID: 0}
    - target: {fileID: 424062, guid: 686ce031ecc8ebf4193b15d8d50fab2d, type: 2}
      propertyPath: m_LocalPosition.y
      value: 3.6500001
      objectReference: {fileID: 0}
    - target: {fileID: 424062, guid: 686ce031ecc8ebf4193b15d8d50fab2d, type: 2}
      propertyPath: m_LocalPosition.z
      value: 0
      objectReference: {fileID: 0}
    - target: {fileID: 424062, guid: 686ce031ecc8ebf4193b15d8d50fab2d, type: 2}
      propertyPath: m_LocalRotation.x
      value: 0
      objectReference: {fileID: 0}
    - target: {fileID: 424062, guid: 686ce031ecc8ebf4193b15d8d50fab2d, type: 2}
      propertyPath: m_LocalRotation.y
      value: 0
      objectReference: {fileID: 0}
    - target: {fileID: 424062, guid: 686ce031ecc8ebf4193b15d8d50fab2d, type: 2}
      propertyPath: m_LocalRotation.z
      value: 0
      objectReference: {fileID: 0}
    - target: {fileID: 424062, guid: 686ce031ecc8ebf4193b15d8d50fab2d, type: 2}
      propertyPath: m_LocalRotation.w
      value: 1
      objectReference: {fileID: 0}
    - target: {fileID: 424062, guid: 686ce031ecc8ebf4193b15d8d50fab2d, type: 2}
      propertyPath: m_RootOrder
      value: 4
      objectReference: {fileID: 0}
    - target: {fileID: 101260, guid: 686ce031ecc8ebf4193b15d8d50fab2d, type: 2}
      propertyPath: m_Name
      value: Pig (3)
      objectReference: {fileID: 0}
    m_RemovedComponents: []
  m_ParentPrefab: {fileID: 100100000, guid: 686ce031ecc8ebf4193b15d8d50fab2d, type: 2}
  m_IsPrefabParent: 0
--- !u!1 &286598311
GameObject:
  m_ObjectHideFlags: 0
  m_PrefabParentObject: {fileID: 0}
  m_PrefabInternal: {fileID: 0}
  serializedVersion: 4
  m_Component:
  - 4: {fileID: 286598312}
  m_Layer: 0
  m_Name: Bounds
  m_TagString: Untagged
  m_Icon: {fileID: 0}
  m_NavMeshLayer: 0
  m_StaticEditorFlags: 0
  m_IsActive: 1
--- !u!4 &286598312
Transform:
  m_ObjectHideFlags: 0
  m_PrefabParentObject: {fileID: 0}
  m_PrefabInternal: {fileID: 0}
  m_GameObject: {fileID: 286598311}
  m_LocalRotation: {x: 0, y: 0, z: 0, w: 1}
  m_LocalPosition: {x: 1.39999998, y: 2.25, z: 0}
  m_LocalScale: {x: 1, y: 1, z: 1}
  m_Children:
  - {fileID: 353694387}
  - {fileID: 107696407}
  - {fileID: 1931024303}
  - {fileID: 1646318048}
  m_Father: {fileID: 0}
  m_RootOrder: 17
--- !u!1 &353694386
GameObject:
  m_ObjectHideFlags: 0
  m_PrefabParentObject: {fileID: 0}
  m_PrefabInternal: {fileID: 0}
  serializedVersion: 4
  m_Component:
  - 4: {fileID: 353694387}
  - 61: {fileID: 353694388}
  - 33: {fileID: 353694390}
  - 23: {fileID: 353694389}
  m_Layer: 0
  m_Name: Top
  m_TagString: Untagged
  m_Icon: {fileID: 0}
  m_NavMeshLayer: 0
  m_StaticEditorFlags: 0
  m_IsActive: 1
--- !u!4 &353694387
Transform:
  m_ObjectHideFlags: 0
  m_PrefabParentObject: {fileID: 0}
  m_PrefabInternal: {fileID: 0}
  m_GameObject: {fileID: 353694386}
  m_LocalRotation: {x: 0, y: 0, z: 0, w: 1}
  m_LocalPosition: {x: 0, y: 14.6499996, z: 0}
  m_LocalScale: {x: 43, y: 1, z: 1}
  m_Children: []
  m_Father: {fileID: 286598312}
  m_RootOrder: 0
--- !u!61 &353694388
BoxCollider2D:
  m_ObjectHideFlags: 0
  m_PrefabParentObject: {fileID: 0}
  m_PrefabInternal: {fileID: 0}
  m_GameObject: {fileID: 353694386}
  m_Enabled: 1
  m_Material: {fileID: 0}
  m_IsTrigger: 0
  m_UsedByEffector: 0
  m_Offset: {x: 0, y: 0}
  serializedVersion: 2
  m_Size: {x: 1, y: 1}
--- !u!23 &353694389
MeshRenderer:
  m_ObjectHideFlags: 0
  m_PrefabParentObject: {fileID: 0}
  m_PrefabInternal: {fileID: 0}
  m_GameObject: {fileID: 353694386}
  m_Enabled: 1
  m_CastShadows: 0
  m_ReceiveShadows: 0
  m_Materials:
  - {fileID: 10754, guid: 0000000000000000e000000000000000, type: 0}
  m_SubsetIndices: 
  m_StaticBatchRoot: {fileID: 0}
  m_UseLightProbes: 0
  m_ReflectionProbeUsage: 0
  m_ProbeAnchor: {fileID: 0}
  m_ScaleInLightmap: 1
  m_PreserveUVs: 0
  m_ImportantGI: 0
  m_AutoUVMaxDistance: .5
  m_AutoUVMaxAngle: 89
  m_LightmapParameters: {fileID: 0}
  m_SortingLayerID: 0
  m_SortingOrder: 0
--- !u!33 &353694390
MeshFilter:
  m_ObjectHideFlags: 0
  m_PrefabParentObject: {fileID: 0}
  m_PrefabInternal: {fileID: 0}
  m_GameObject: {fileID: 353694386}
  m_Mesh: {fileID: 10210, guid: 0000000000000000e000000000000000, type: 0}
--- !u!1001 &358756792
Prefab:
  m_ObjectHideFlags: 0
  serializedVersion: 2
  m_Modification:
    m_TransformParent: {fileID: 0}
    m_Modifications:
    - target: {fileID: 403682, guid: 087a77a1de1df734796af3c7394d74e8, type: 2}
      propertyPath: m_LocalPosition.x
      value: .98299998
      objectReference: {fileID: 0}
    - target: {fileID: 403682, guid: 087a77a1de1df734796af3c7394d74e8, type: 2}
      propertyPath: m_LocalPosition.y
      value: .503000021
      objectReference: {fileID: 0}
    - target: {fileID: 403682, guid: 087a77a1de1df734796af3c7394d74e8, type: 2}
      propertyPath: m_LocalPosition.z
      value: 0
      objectReference: {fileID: 0}
    - target: {fileID: 403682, guid: 087a77a1de1df734796af3c7394d74e8, type: 2}
      propertyPath: m_LocalRotation.x
      value: 0
      objectReference: {fileID: 0}
    - target: {fileID: 403682, guid: 087a77a1de1df734796af3c7394d74e8, type: 2}
      propertyPath: m_LocalRotation.y
      value: 0
      objectReference: {fileID: 0}
    - target: {fileID: 403682, guid: 087a77a1de1df734796af3c7394d74e8, type: 2}
      propertyPath: m_LocalRotation.z
      value: 0
      objectReference: {fileID: 0}
    - target: {fileID: 403682, guid: 087a77a1de1df734796af3c7394d74e8, type: 2}
      propertyPath: m_LocalRotation.w
      value: 1
      objectReference: {fileID: 0}
    - target: {fileID: 403682, guid: 087a77a1de1df734796af3c7394d74e8, type: 2}
      propertyPath: m_RootOrder
      value: 0
      objectReference: {fileID: 0}
    m_RemovedComponents: []
  m_ParentPrefab: {fileID: 100100000, guid: 087a77a1de1df734796af3c7394d74e8, type: 2}
  m_IsPrefabParent: 0
--- !u!1001 &432370486
Prefab:
  m_ObjectHideFlags: 0
  serializedVersion: 2
  m_Modification:
    m_TransformParent: {fileID: 0}
    m_Modifications:
    - target: {fileID: 424062, guid: 686ce031ecc8ebf4193b15d8d50fab2d, type: 2}
      propertyPath: m_LocalPosition.x
      value: 5.92000008
      objectReference: {fileID: 0}
    - target: {fileID: 424062, guid: 686ce031ecc8ebf4193b15d8d50fab2d, type: 2}
      propertyPath: m_LocalPosition.y
      value: 1.95000005
      objectReference: {fileID: 0}
    - target: {fileID: 424062, guid: 686ce031ecc8ebf4193b15d8d50fab2d, type: 2}
      propertyPath: m_LocalPosition.z
      value: 0
      objectReference: {fileID: 0}
    - target: {fileID: 424062, guid: 686ce031ecc8ebf4193b15d8d50fab2d, type: 2}
      propertyPath: m_LocalRotation.x
      value: 0
      objectReference: {fileID: 0}
    - target: {fileID: 424062, guid: 686ce031ecc8ebf4193b15d8d50fab2d, type: 2}
      propertyPath: m_LocalRotation.y
      value: 0
      objectReference: {fileID: 0}
    - target: {fileID: 424062, guid: 686ce031ecc8ebf4193b15d8d50fab2d, type: 2}
      propertyPath: m_LocalRotation.z
      value: 0
      objectReference: {fileID: 0}
    - target: {fileID: 424062, guid: 686ce031ecc8ebf4193b15d8d50fab2d, type: 2}
      propertyPath: m_LocalRotation.w
      value: 1
      objectReference: {fileID: 0}
    - target: {fileID: 424062, guid: 686ce031ecc8ebf4193b15d8d50fab2d, type: 2}
      propertyPath: m_RootOrder
      value: 15
      objectReference: {fileID: 0}
    - target: {fileID: 101260, guid: 686ce031ecc8ebf4193b15d8d50fab2d, type: 2}
      propertyPath: m_Name
      value: Pig (11)
      objectReference: {fileID: 0}
    m_RemovedComponents: []
  m_ParentPrefab: {fileID: 100100000, guid: 686ce031ecc8ebf4193b15d8d50fab2d, type: 2}
  m_IsPrefabParent: 0
--- !u!1001 &514303999
Prefab:
  m_ObjectHideFlags: 0
  serializedVersion: 2
  m_Modification:
    m_TransformParent: {fileID: 0}
    m_Modifications:
    - target: {fileID: 424062, guid: 686ce031ecc8ebf4193b15d8d50fab2d, type: 2}
      propertyPath: m_LocalPosition.x
      value: 17.7299995
      objectReference: {fileID: 0}
    - target: {fileID: 424062, guid: 686ce031ecc8ebf4193b15d8d50fab2d, type: 2}
      propertyPath: m_LocalPosition.y
      value: 4.28999996
      objectReference: {fileID: 0}
    - target: {fileID: 424062, guid: 686ce031ecc8ebf4193b15d8d50fab2d, type: 2}
      propertyPath: m_LocalPosition.z
      value: 0
      objectReference: {fileID: 0}
    - target: {fileID: 424062, guid: 686ce031ecc8ebf4193b15d8d50fab2d, type: 2}
      propertyPath: m_LocalRotation.x
      value: 0
      objectReference: {fileID: 0}
    - target: {fileID: 424062, guid: 686ce031ecc8ebf4193b15d8d50fab2d, type: 2}
      propertyPath: m_LocalRotation.y
      value: 0
      objectReference: {fileID: 0}
    - target: {fileID: 424062, guid: 686ce031ecc8ebf4193b15d8d50fab2d, type: 2}
      propertyPath: m_LocalRotation.z
      value: 0
      objectReference: {fileID: 0}
    - target: {fileID: 424062, guid: 686ce031ecc8ebf4193b15d8d50fab2d, type: 2}
      propertyPath: m_LocalRotation.w
      value: 1
      objectReference: {fileID: 0}
    - target: {fileID: 424062, guid: 686ce031ecc8ebf4193b15d8d50fab2d, type: 2}
      propertyPath: m_RootOrder
      value: 11
      objectReference: {fileID: 0}
    - target: {fileID: 101260, guid: 686ce031ecc8ebf4193b15d8d50fab2d, type: 2}
      propertyPath: m_Name
      value: Pig (15)
      objectReference: {fileID: 0}
    m_RemovedComponents: []
  m_ParentPrefab: {fileID: 100100000, guid: 686ce031ecc8ebf4193b15d8d50fab2d, type: 2}
  m_IsPrefabParent: 0
--- !u!1 &523431992
GameObject:
  m_ObjectHideFlags: 0
  m_PrefabParentObject: {fileID: 0}
  m_PrefabInternal: {fileID: 0}
  serializedVersion: 4
  m_Component:
  - 4: {fileID: 523431993}
  - 20: {fileID: 523431994}
  - 92: {fileID: 523431996}
  - 124: {fileID: 523431997}
  - 81: {fileID: 523431995}
  m_Layer: 0
  m_Name: Main Camera
  m_TagString: MainCamera
  m_Icon: {fileID: 0}
  m_NavMeshLayer: 0
  m_StaticEditorFlags: 0
  m_IsActive: 1
--- !u!4 &523431993
Transform:
  m_ObjectHideFlags: 0
  m_PrefabParentObject: {fileID: 0}
  m_PrefabInternal: {fileID: 0}
  m_GameObject: {fileID: 523431992}
  m_LocalRotation: {x: 0, y: 0, z: 0, w: 1}
  m_LocalPosition: {x: 0, y: 1, z: -10}
  m_LocalScale: {x: 1, y: 1, z: 1}
  m_Children: []
  m_Father: {fileID: 0}
  m_RootOrder: 16
--- !u!20 &523431994
Camera:
  m_ObjectHideFlags: 0
  m_PrefabParentObject: {fileID: 0}
  m_PrefabInternal: {fileID: 0}
  m_GameObject: {fileID: 523431992}
  m_Enabled: 1
  serializedVersion: 2
  m_ClearFlags: 1
  m_BackGroundColor: {r: .772058845, g: .772058845, b: .772058845, a: .0196078438}
  m_NormalizedViewPortRect:
    serializedVersion: 2
    x: 0
    y: 0
    width: 1
    height: 1
  near clip plane: .300000012
  far clip plane: 100
  field of view: 60
  orthographic: 1
  orthographic size: 15.3000002
  m_Depth: -1
  m_CullingMask:
    serializedVersion: 2
    m_Bits: 4294967295
  m_RenderingPath: -1
  m_TargetTexture: {fileID: 0}
  m_TargetDisplay: 0
  m_HDR: 0
  m_OcclusionCulling: 1
  m_StereoConvergence: 10
  m_StereoSeparation: .0219999999
  m_StereoMirrorMode: 0
--- !u!81 &523431995
AudioListener:
  m_ObjectHideFlags: 0
  m_PrefabParentObject: {fileID: 0}
  m_PrefabInternal: {fileID: 0}
  m_GameObject: {fileID: 523431992}
  m_Enabled: 1
--- !u!92 &523431996
Behaviour:
  m_ObjectHideFlags: 0
  m_PrefabParentObject: {fileID: 0}
  m_PrefabInternal: {fileID: 0}
  m_GameObject: {fileID: 523431992}
  m_Enabled: 1
--- !u!124 &523431997
Behaviour:
  m_ObjectHideFlags: 0
  m_PrefabParentObject: {fileID: 0}
  m_PrefabInternal: {fileID: 0}
  m_GameObject: {fileID: 523431992}
  m_Enabled: 1
--- !u!1001 &750585904
Prefab:
  m_ObjectHideFlags: 0
  serializedVersion: 2
  m_Modification:
    m_TransformParent: {fileID: 0}
    m_Modifications:
    - target: {fileID: 424062, guid: 686ce031ecc8ebf4193b15d8d50fab2d, type: 2}
      propertyPath: m_LocalPosition.x
      value: 14.1999998
      objectReference: {fileID: 0}
    - target: {fileID: 424062, guid: 686ce031ecc8ebf4193b15d8d50fab2d, type: 2}
      propertyPath: m_LocalPosition.y
      value: -2.9000001
      objectReference: {fileID: 0}
    - target: {fileID: 424062, guid: 686ce031ecc8ebf4193b15d8d50fab2d, type: 2}
      propertyPath: m_LocalPosition.z
      value: 0
      objectReference: {fileID: 0}
    - target: {fileID: 424062, guid: 686ce031ecc8ebf4193b15d8d50fab2d, type: 2}
      propertyPath: m_LocalRotation.x
      value: 0
      objectReference: {fileID: 0}
    - target: {fileID: 424062, guid: 686ce031ecc8ebf4193b15d8d50fab2d, type: 2}
      propertyPath: m_LocalRotation.y
      value: 0
      objectReference: {fileID: 0}
    - target: {fileID: 424062, guid: 686ce031ecc8ebf4193b15d8d50fab2d, type: 2}
      propertyPath: m_LocalRotation.z
      value: 0
      objectReference: {fileID: 0}
    - target: {fileID: 424062, guid: 686ce031ecc8ebf4193b15d8d50fab2d, type: 2}
      propertyPath: m_LocalRotation.w
      value: 1
      objectReference: {fileID: 0}
    - target: {fileID: 424062, guid: 686ce031ecc8ebf4193b15d8d50fab2d, type: 2}
      propertyPath: m_RootOrder
      value: 13
      objectReference: {fileID: 0}
    - target: {fileID: 101260, guid: 686ce031ecc8ebf4193b15d8d50fab2d, type: 2}
      propertyPath: m_Name
      value: Pig (13)
      objectReference: {fileID: 0}
    m_RemovedComponents: []
  m_ParentPrefab: {fileID: 100100000, guid: 686ce031ecc8ebf4193b15d8d50fab2d, type: 2}
  m_IsPrefabParent: 0
--- !u!1001 &768176162
Prefab:
  m_ObjectHideFlags: 0
  serializedVersion: 2
  m_Modification:
    m_TransformParent: {fileID: 0}
    m_Modifications:
    - target: {fileID: 424062, guid: 686ce031ecc8ebf4193b15d8d50fab2d, type: 2}
      propertyPath: m_LocalPosition.x
      value: 5.67999983
      objectReference: {fileID: 0}
    - target: {fileID: 424062, guid: 686ce031ecc8ebf4193b15d8d50fab2d, type: 2}
      propertyPath: m_LocalPosition.y
      value: 5.98999977
      objectReference: {fileID: 0}
    - target: {fileID: 424062, guid: 686ce031ecc8ebf4193b15d8d50fab2d, type: 2}
      propertyPath: m_LocalPosition.z
      value: 0
      objectReference: {fileID: 0}
    - target: {fileID: 424062, guid: 686ce031ecc8ebf4193b15d8d50fab2d, type: 2}
      propertyPath: m_LocalRotation.x
      value: 0
      objectReference: {fileID: 0}
    - target: {fileID: 424062, guid: 686ce031ecc8ebf4193b15d8d50fab2d, type: 2}
      propertyPath: m_LocalRotation.y
      value: 0
      objectReference: {fileID: 0}
    - target: {fileID: 424062, guid: 686ce031ecc8ebf4193b15d8d50fab2d, type: 2}
      propertyPath: m_LocalRotation.z
      value: 0
      objectReference: {fileID: 0}
    - target: {fileID: 424062, guid: 686ce031ecc8ebf4193b15d8d50fab2d, type: 2}
      propertyPath: m_LocalRotation.w
      value: 1
      objectReference: {fileID: 0}
    - target: {fileID: 424062, guid: 686ce031ecc8ebf4193b15d8d50fab2d, type: 2}
      propertyPath: m_RootOrder
      value: 2
      objectReference: {fileID: 0}
    - target: {fileID: 101260, guid: 686ce031ecc8ebf4193b15d8d50fab2d, type: 2}
      propertyPath: m_Name
      value: Pig (1)
      objectReference: {fileID: 0}
    m_RemovedComponents: []
  m_ParentPrefab: {fileID: 100100000, guid: 686ce031ecc8ebf4193b15d8d50fab2d, type: 2}
  m_IsPrefabParent: 0
--- !u!1001 &860444535
Prefab:
  m_ObjectHideFlags: 0
  serializedVersion: 2
  m_Modification:
    m_TransformParent: {fileID: 0}
    m_Modifications:
    - target: {fileID: 424062, guid: 686ce031ecc8ebf4193b15d8d50fab2d, type: 2}
      propertyPath: m_LocalPosition.x
      value: 10.0299997
      objectReference: {fileID: 0}
    - target: {fileID: 424062, guid: 686ce031ecc8ebf4193b15d8d50fab2d, type: 2}
      propertyPath: m_LocalPosition.y
      value: -1.95000005
      objectReference: {fileID: 0}
    - target: {fileID: 424062, guid: 686ce031ecc8ebf4193b15d8d50fab2d, type: 2}
      propertyPath: m_LocalPosition.z
      value: 0
      objectReference: {fileID: 0}
    - target: {fileID: 424062, guid: 686ce031ecc8ebf4193b15d8d50fab2d, type: 2}
      propertyPath: m_LocalRotation.x
      value: 0
      objectReference: {fileID: 0}
    - target: {fileID: 424062, guid: 686ce031ecc8ebf4193b15d8d50fab2d, type: 2}
      propertyPath: m_LocalRotation.y
      value: 0
      objectReference: {fileID: 0}
    - target: {fileID: 424062, guid: 686ce031ecc8ebf4193b15d8d50fab2d, type: 2}
      propertyPath: m_LocalRotation.z
      value: 0
      objectReference: {fileID: 0}
    - target: {fileID: 424062, guid: 686ce031ecc8ebf4193b15d8d50fab2d, type: 2}
      propertyPath: m_LocalRotation.w
      value: 1
      objectReference: {fileID: 0}
    - target: {fileID: 424062, guid: 686ce031ecc8ebf4193b15d8d50fab2d, type: 2}
      propertyPath: m_RootOrder
      value: 3
      objectReference: {fileID: 0}
    - target: {fileID: 101260, guid: 686ce031ecc8ebf4193b15d8d50fab2d, type: 2}
      propertyPath: m_Name
      value: Pig (2)
      objectReference: {fileID: 0}
    m_RemovedComponents: []
  m_ParentPrefab: {fileID: 100100000, guid: 686ce031ecc8ebf4193b15d8d50fab2d, type: 2}
  m_IsPrefabParent: 0
--- !u!1001 &1009069043
Prefab:
  m_ObjectHideFlags: 0
  serializedVersion: 2
  m_Modification:
    m_TransformParent: {fileID: 0}
    m_Modifications:
    - target: {fileID: 424062, guid: 686ce031ecc8ebf4193b15d8d50fab2d, type: 2}
      propertyPath: m_LocalPosition.x
      value: -.620000005
      objectReference: {fileID: 0}
    - target: {fileID: 424062, guid: 686ce031ecc8ebf4193b15d8d50fab2d, type: 2}
      propertyPath: m_LocalPosition.y
      value: -.600000024
      objectReference: {fileID: 0}
    - target: {fileID: 424062, guid: 686ce031ecc8ebf4193b15d8d50fab2d, type: 2}
      propertyPath: m_LocalPosition.z
      value: 0
      objectReference: {fileID: 0}
    - target: {fileID: 424062, guid: 686ce031ecc8ebf4193b15d8d50fab2d, type: 2}
      propertyPath: m_LocalRotation.x
      value: 0
      objectReference: {fileID: 0}
    - target: {fileID: 424062, guid: 686ce031ecc8ebf4193b15d8d50fab2d, type: 2}
      propertyPath: m_LocalRotation.y
      value: 0
      objectReference: {fileID: 0}
    - target: {fileID: 424062, guid: 686ce031ecc8ebf4193b15d8d50fab2d, type: 2}
      propertyPath: m_LocalRotation.z
      value: 0
      objectReference: {fileID: 0}
    - target: {fileID: 424062, guid: 686ce031ecc8ebf4193b15d8d50fab2d, type: 2}
      propertyPath: m_LocalRotation.w
      value: 1
      objectReference: {fileID: 0}
    - target: {fileID: 424062, guid: 686ce031ecc8ebf4193b15d8d50fab2d, type: 2}
      propertyPath: m_RootOrder
      value: 9
      objectReference: {fileID: 0}
    - target: {fileID: 101260, guid: 686ce031ecc8ebf4193b15d8d50fab2d, type: 2}
      propertyPath: m_Name
      value: Pig (7)
      objectReference: {fileID: 0}
    m_RemovedComponents: []
  m_ParentPrefab: {fileID: 100100000, guid: 686ce031ecc8ebf4193b15d8d50fab2d, type: 2}
  m_IsPrefabParent: 0
--- !u!1001 &1193130014
Prefab:
  m_ObjectHideFlags: 0
  serializedVersion: 2
  m_Modification:
    m_TransformParent: {fileID: 0}
    m_Modifications:
    - target: {fileID: 424062, guid: 686ce031ecc8ebf4193b15d8d50fab2d, type: 2}
      propertyPath: m_LocalPosition.x
      value: 6.46999979
      objectReference: {fileID: 0}
    - target: {fileID: 424062, guid: 686ce031ecc8ebf4193b15d8d50fab2d, type: 2}
      propertyPath: m_LocalPosition.y
      value: -4.8499999
      objectReference: {fileID: 0}
    - target: {fileID: 424062, guid: 686ce031ecc8ebf4193b15d8d50fab2d, type: 2}
      propertyPath: m_LocalPosition.z
      value: 0
      objectReference: {fileID: 0}
    - target: {fileID: 424062, guid: 686ce031ecc8ebf4193b15d8d50fab2d, type: 2}
      propertyPath: m_LocalRotation.x
      value: 0
      objectReference: {fileID: 0}
    - target: {fileID: 424062, guid: 686ce031ecc8ebf4193b15d8d50fab2d, type: 2}
      propertyPath: m_LocalRotation.y
      value: 0
      objectReference: {fileID: 0}
    - target: {fileID: 424062, guid: 686ce031ecc8ebf4193b15d8d50fab2d, type: 2}
      propertyPath: m_LocalRotation.z
      value: 0
      objectReference: {fileID: 0}
    - target: {fileID: 424062, guid: 686ce031ecc8ebf4193b15d8d50fab2d, type: 2}
      propertyPath: m_LocalRotation.w
      value: 1
      objectReference: {fileID: 0}
    - target: {fileID: 424062, guid: 686ce031ecc8ebf4193b15d8d50fab2d, type: 2}
      propertyPath: m_RootOrder
      value: 12
      objectReference: {fileID: 0}
    - target: {fileID: 101260, guid: 686ce031ecc8ebf4193b15d8d50fab2d, type: 2}
      propertyPath: m_Name
      value: Pig (14)
      objectReference: {fileID: 0}
    m_RemovedComponents: []
  m_ParentPrefab: {fileID: 100100000, guid: 686ce031ecc8ebf4193b15d8d50fab2d, type: 2}
  m_IsPrefabParent: 0
--- !u!1001 &1198578907
Prefab:
  m_ObjectHideFlags: 0
  serializedVersion: 2
  m_Modification:
    m_TransformParent: {fileID: 0}
    m_Modifications:
    - target: {fileID: 424062, guid: 686ce031ecc8ebf4193b15d8d50fab2d, type: 2}
      propertyPath: m_LocalPosition.x
      value: 14.9899998
      objectReference: {fileID: 0}
    - target: {fileID: 424062, guid: 686ce031ecc8ebf4193b15d8d50fab2d, type: 2}
      propertyPath: m_LocalPosition.y
      value: .600000024
      objectReference: {fileID: 0}
    - target: {fileID: 424062, guid: 686ce031ecc8ebf4193b15d8d50fab2d, type: 2}
      propertyPath: m_LocalPosition.z
      value: 0
      objectReference: {fileID: 0}
    - target: {fileID: 424062, guid: 686ce031ecc8ebf4193b15d8d50fab2d, type: 2}
      propertyPath: m_LocalRotation.x
      value: 0
      objectReference: {fileID: 0}
    - target: {fileID: 424062, guid: 686ce031ecc8ebf4193b15d8d50fab2d, type: 2}
      propertyPath: m_LocalRotation.y
      value: 0
      objectReference: {fileID: 0}
    - target: {fileID: 424062, guid: 686ce031ecc8ebf4193b15d8d50fab2d, type: 2}
      propertyPath: m_LocalRotation.z
      value: 0
      objectReference: {fileID: 0}
    - target: {fileID: 424062, guid: 686ce031ecc8ebf4193b15d8d50fab2d, type: 2}
      propertyPath: m_LocalRotation.w
      value: 1
      objectReference: {fileID: 0}
    - target: {fileID: 424062, guid: 686ce031ecc8ebf4193b15d8d50fab2d, type: 2}
      propertyPath: m_RootOrder
      value: 5
      objectReference: {fileID: 0}
    - target: {fileID: 101260, guid: 686ce031ecc8ebf4193b15d8d50fab2d, type: 2}
      propertyPath: m_Name
      value: Pig (9)
      objectReference: {fileID: 0}
    m_RemovedComponents: []
  m_ParentPrefab: {fileID: 100100000, guid: 686ce031ecc8ebf4193b15d8d50fab2d, type: 2}
  m_IsPrefabParent: 0
--- !u!1001 &1274264680
Prefab:
  m_ObjectHideFlags: 0
  serializedVersion: 2
  m_Modification:
    m_TransformParent: {fileID: 0}
    m_Modifications:
    - target: {fileID: 424062, guid: 686ce031ecc8ebf4193b15d8d50fab2d, type: 2}
      propertyPath: m_LocalPosition.x
      value: 9.17000008
      objectReference: {fileID: 0}
    - target: {fileID: 424062, guid: 686ce031ecc8ebf4193b15d8d50fab2d, type: 2}
      propertyPath: m_LocalPosition.y
      value: 2.26999998
      objectReference: {fileID: 0}
    - target: {fileID: 424062, guid: 686ce031ecc8ebf4193b15d8d50fab2d, type: 2}
      propertyPath: m_LocalPosition.z
      value: 0
      objectReference: {fileID: 0}
    - target: {fileID: 424062, guid: 686ce031ecc8ebf4193b15d8d50fab2d, type: 2}
      propertyPath: m_LocalRotation.x
      value: 0
      objectReference: {fileID: 0}
    - target: {fileID: 424062, guid: 686ce031ecc8ebf4193b15d8d50fab2d, type: 2}
      propertyPath: m_LocalRotation.y
      value: 0
      objectReference: {fileID: 0}
    - target: {fileID: 424062, guid: 686ce031ecc8ebf4193b15d8d50fab2d, type: 2}
      propertyPath: m_LocalRotation.z
      value: 0
      objectReference: {fileID: 0}
    - target: {fileID: 424062, guid: 686ce031ecc8ebf4193b15d8d50fab2d, type: 2}
      propertyPath: m_LocalRotation.w
      value: 1
      objectReference: {fileID: 0}
    - target: {fileID: 424062, guid: 686ce031ecc8ebf4193b15d8d50fab2d, type: 2}
      propertyPath: m_RootOrder
      value: 8
      objectReference: {fileID: 0}
    - target: {fileID: 101260, guid: 686ce031ecc8ebf4193b15d8d50fab2d, type: 2}
      propertyPath: m_Name
      value: Pig (5)
      objectReference: {fileID: 0}
    m_RemovedComponents: []
  m_ParentPrefab: {fileID: 100100000, guid: 686ce031ecc8ebf4193b15d8d50fab2d, type: 2}
  m_IsPrefabParent: 0
--- !u!1001 &1463136136
Prefab:
  m_ObjectHideFlags: 0
  serializedVersion: 2
  m_Modification:
    m_TransformParent: {fileID: 0}
    m_Modifications:
    - target: {fileID: 424062, guid: 686ce031ecc8ebf4193b15d8d50fab2d, type: 2}
      propertyPath: m_LocalPosition.x
      value: -5.57999992
      objectReference: {fileID: 0}
    - target: {fileID: 424062, guid: 686ce031ecc8ebf4193b15d8d50fab2d, type: 2}
      propertyPath: m_LocalPosition.y
      value: -3.1500001
      objectReference: {fileID: 0}
    - target: {fileID: 424062, guid: 686ce031ecc8ebf4193b15d8d50fab2d, type: 2}
      propertyPath: m_LocalPosition.z
      value: 0
      objectReference: {fileID: 0}
    - target: {fileID: 424062, guid: 686ce031ecc8ebf4193b15d8d50fab2d, type: 2}
      propertyPath: m_LocalRotation.x
      value: 0
      objectReference: {fileID: 0}
    - target: {fileID: 424062, guid: 686ce031ecc8ebf4193b15d8d50fab2d, type: 2}
      propertyPath: m_LocalRotation.y
      value: 0
      objectReference: {fileID: 0}
    - target: {fileID: 424062, guid: 686ce031ecc8ebf4193b15d8d50fab2d, type: 2}
      propertyPath: m_LocalRotation.z
      value: 0
      objectReference: {fileID: 0}
    - target: {fileID: 424062, guid: 686ce031ecc8ebf4193b15d8d50fab2d, type: 2}
      propertyPath: m_LocalRotation.w
      value: 1
      objectReference: {fileID: 0}
    - target: {fileID: 424062, guid: 686ce031ecc8ebf4193b15d8d50fab2d, type: 2}
      propertyPath: m_RootOrder
      value: 7
      objectReference: {fileID: 0}
    - target: {fileID: 101260, guid: 686ce031ecc8ebf4193b15d8d50fab2d, type: 2}
      propertyPath: m_Name
      value: Pig (4)
      objectReference: {fileID: 0}
    m_RemovedComponents: []
  m_ParentPrefab: {fileID: 100100000, guid: 686ce031ecc8ebf4193b15d8d50fab2d, type: 2}
  m_IsPrefabParent: 0
--- !u!1001 &1609580254
Prefab:
  m_ObjectHideFlags: 0
  serializedVersion: 2
  m_Modification:
    m_TransformParent: {fileID: 0}
    m_Modifications:
    - target: {fileID: 424062, guid: 686ce031ecc8ebf4193b15d8d50fab2d, type: 2}
      propertyPath: m_LocalPosition.x
      value: 14.1300001
      objectReference: {fileID: 0}
    - target: {fileID: 424062, guid: 686ce031ecc8ebf4193b15d8d50fab2d, type: 2}
      propertyPath: m_LocalPosition.y
      value: 4.82000017
      objectReference: {fileID: 0}
    - target: {fileID: 424062, guid: 686ce031ecc8ebf4193b15d8d50fab2d, type: 2}
      propertyPath: m_LocalPosition.z
      value: 0
      objectReference: {fileID: 0}
    - target: {fileID: 424062, guid: 686ce031ecc8ebf4193b15d8d50fab2d, type: 2}
      propertyPath: m_LocalRotation.x
      value: 0
      objectReference: {fileID: 0}
    - target: {fileID: 424062, guid: 686ce031ecc8ebf4193b15d8d50fab2d, type: 2}
      propertyPath: m_LocalRotation.y
      value: 0
      objectReference: {fileID: 0}
    - target: {fileID: 424062, guid: 686ce031ecc8ebf4193b15d8d50fab2d, type: 2}
      propertyPath: m_LocalRotation.z
      value: 0
      objectReference: {fileID: 0}
    - target: {fileID: 424062, guid: 686ce031ecc8ebf4193b15d8d50fab2d, type: 2}
      propertyPath: m_LocalRotation.w
      value: 1
      objectReference: {fileID: 0}
    - target: {fileID: 424062, guid: 686ce031ecc8ebf4193b15d8d50fab2d, type: 2}
      propertyPath: m_RootOrder
      value: 6
      objectReference: {fileID: 0}
    - target: {fileID: 101260, guid: 686ce031ecc8ebf4193b15d8d50fab2d, type: 2}
      propertyPath: m_Name
      value: Pig (8)
      objectReference: {fileID: 0}
    m_RemovedComponents: []
  m_ParentPrefab: {fileID: 100100000, guid: 686ce031ecc8ebf4193b15d8d50fab2d, type: 2}
  m_IsPrefabParent: 0
--- !u!1 &1646318047
GameObject:
  m_ObjectHideFlags: 0
  m_PrefabParentObject: {fileID: 0}
  m_PrefabInternal: {fileID: 0}
  serializedVersion: 4
  m_Component:
  - 4: {fileID: 1646318048}
  - 61: {fileID: 1646318051}
  - 33: {fileID: 1646318050}
  - 23: {fileID: 1646318049}
  m_Layer: 0
  m_Name: Right
  m_TagString: Untagged
  m_Icon: {fileID: 0}
  m_NavMeshLayer: 0
  m_StaticEditorFlags: 0
  m_IsActive: 1
--- !u!4 &1646318048
Transform:
  m_ObjectHideFlags: 0
  m_PrefabParentObject: {fileID: 0}
  m_PrefabInternal: {fileID: 0}
  m_GameObject: {fileID: 1646318047}
  m_LocalRotation: {x: 0, y: 0, z: 0, w: 1}
  m_LocalPosition: {x: 20.9099998, y: .730000019, z: 0}
  m_LocalScale: {x: 1.6797576, y: 32.9874191, z: 1}
  m_Children: []
  m_Father: {fileID: 286598312}
  m_RootOrder: 3
--- !u!23 &1646318049
MeshRenderer:
  m_ObjectHideFlags: 0
  m_PrefabParentObject: {fileID: 0}
  m_PrefabInternal: {fileID: 0}
  m_GameObject: {fileID: 1646318047}
  m_Enabled: 1
  m_CastShadows: 0
  m_ReceiveShadows: 0
  m_Materials:
  - {fileID: 10754, guid: 0000000000000000e000000000000000, type: 0}
  m_SubsetIndices: 
  m_StaticBatchRoot: {fileID: 0}
  m_UseLightProbes: 0
  m_ReflectionProbeUsage: 0
  m_ProbeAnchor: {fileID: 0}
  m_ScaleInLightmap: 1
  m_PreserveUVs: 0
  m_ImportantGI: 0
  m_AutoUVMaxDistance: .5
  m_AutoUVMaxAngle: 89
  m_LightmapParameters: {fileID: 0}
  m_SortingLayerID: 0
  m_SortingOrder: 0
--- !u!33 &1646318050
MeshFilter:
  m_ObjectHideFlags: 0
  m_PrefabParentObject: {fileID: 0}
  m_PrefabInternal: {fileID: 0}
  m_GameObject: {fileID: 1646318047}
  m_Mesh: {fileID: 10210, guid: 0000000000000000e000000000000000, type: 0}
--- !u!61 &1646318051
BoxCollider2D:
  m_ObjectHideFlags: 0
  m_PrefabParentObject: {fileID: 0}
  m_PrefabInternal: {fileID: 0}
  m_GameObject: {fileID: 1646318047}
  m_Enabled: 1
  m_Material: {fileID: 0}
  m_IsTrigger: 0
  m_UsedByEffector: 0
  m_Offset: {x: 0, y: 0}
  serializedVersion: 2
  m_Size: {x: 1, y: 1}
--- !u!1 &1931024302
GameObject:
  m_ObjectHideFlags: 0
  m_PrefabParentObject: {fileID: 0}
  m_PrefabInternal: {fileID: 0}
  serializedVersion: 4
  m_Component:
  - 4: {fileID: 1931024303}
  - 61: {fileID: 1931024306}
  - 33: {fileID: 1931024305}
  - 23: {fileID: 1931024304}
  m_Layer: 0
  m_Name: Left
  m_TagString: Untagged
  m_Icon: {fileID: 0}
  m_NavMeshLayer: 0
  m_StaticEditorFlags: 0
  m_IsActive: 1
--- !u!4 &1931024303
Transform:
  m_ObjectHideFlags: 0
  m_PrefabParentObject: {fileID: 0}
  m_PrefabInternal: {fileID: 0}
  m_GameObject: {fileID: 1931024302}
  m_LocalRotation: {x: 0, y: 0, z: 0, w: 1}
  m_LocalPosition: {x: -22.2900009, y: .730000019, z: 0}
  m_LocalScale: {x: 1.6797576, y: 32.9874191, z: 1}
  m_Children: []
  m_Father: {fileID: 286598312}
  m_RootOrder: 2
--- !u!23 &1931024304
MeshRenderer:
  m_ObjectHideFlags: 0
  m_PrefabParentObject: {fileID: 0}
  m_PrefabInternal: {fileID: 0}
  m_GameObject: {fileID: 1931024302}
  m_Enabled: 1
  m_CastShadows: 0
  m_ReceiveShadows: 0
  m_Materials:
  - {fileID: 10754, guid: 0000000000000000e000000000000000, type: 0}
  m_SubsetIndices: 
  m_StaticBatchRoot: {fileID: 0}
  m_UseLightProbes: 0
  m_ReflectionProbeUsage: 0
  m_ProbeAnchor: {fileID: 0}
  m_ScaleInLightmap: 1
  m_PreserveUVs: 0
  m_ImportantGI: 0
  m_AutoUVMaxDistance: .5
  m_AutoUVMaxAngle: 89
  m_LightmapParameters: {fileID: 0}
  m_SortingLayerID: 0
  m_SortingOrder: 0
--- !u!33 &1931024305
MeshFilter:
  m_ObjectHideFlags: 0
  m_PrefabParentObject: {fileID: 0}
  m_PrefabInternal: {fileID: 0}
  m_GameObject: {fileID: 1931024302}
  m_Mesh: {fileID: 10210, guid: 0000000000000000e000000000000000, type: 0}
--- !u!61 &1931024306
BoxCollider2D:
  m_ObjectHideFlags: 0
  m_PrefabParentObject: {fileID: 0}
  m_PrefabInternal: {fileID: 0}
  m_GameObject: {fileID: 1931024302}
  m_Enabled: 1
  m_Material: {fileID: 0}
  m_IsTrigger: 0
  m_UsedByEffector: 0
  m_Offset: {x: 0, y: 0}
  serializedVersion: 2
  m_Size: {x: 1, y: 1}
--- !u!1001 &1976753309
Prefab:
  m_ObjectHideFlags: 0
  serializedVersion: 2
  m_Modification:
    m_TransformParent: {fileID: 0}
    m_Modifications:
    - target: {fileID: 424062, guid: 686ce031ecc8ebf4193b15d8d50fab2d, type: 2}
      propertyPath: m_LocalPosition.x
      value: 10.6400003
      objectReference: {fileID: 0}
    - target: {fileID: 424062, guid: 686ce031ecc8ebf4193b15d8d50fab2d, type: 2}
      propertyPath: m_LocalPosition.y
      value: 8.53999996
      objectReference: {fileID: 0}
    - target: {fileID: 424062, guid: 686ce031ecc8ebf4193b15d8d50fab2d, type: 2}
      propertyPath: m_LocalPosition.z
      value: 0
      objectReference: {fileID: 0}
    - target: {fileID: 424062, guid: 686ce031ecc8ebf4193b15d8d50fab2d, type: 2}
      propertyPath: m_LocalRotation.x
      value: 0
      objectReference: {fileID: 0}
    - target: {fileID: 424062, guid: 686ce031ecc8ebf4193b15d8d50fab2d, type: 2}
      propertyPath: m_LocalRotation.y
      value: 0
      objectReference: {fileID: 0}
    - target: {fileID: 424062, guid: 686ce031ecc8ebf4193b15d8d50fab2d, type: 2}
      propertyPath: m_LocalRotation.z
      value: 0
      objectReference: {fileID: 0}
    - target: {fileID: 424062, guid: 686ce031ecc8ebf4193b15d8d50fab2d, type: 2}
      propertyPath: m_LocalRotation.w
      value: 1
      objectReference: {fileID: 0}
    - target: {fileID: 424062, guid: 686ce031ecc8ebf4193b15d8d50fab2d, type: 2}
      propertyPath: m_RootOrder
      value: 10
      objectReference: {fileID: 0}
    - target: {fileID: 101260, guid: 686ce031ecc8ebf4193b15d8d50fab2d, type: 2}
      propertyPath: m_Name
      value: Pig (6)
      objectReference: {fileID: 0}
    m_RemovedComponents: []
  m_ParentPrefab: {fileID: 100100000, guid: 686ce031ecc8ebf4193b15d8d50fab2d, type: 2}
  m_IsPrefabParent: 0
--- !u!1001 &2023571544
Prefab:
  m_ObjectHideFlags: 0
  serializedVersion: 2
  m_Modification:
    m_TransformParent: {fileID: 0}
    m_Modifications:
    - target: {fileID: 424062, guid: 686ce031ecc8ebf4193b15d8d50fab2d, type: 2}
      propertyPath: m_LocalPosition.x
      value: 11.9399996
      objectReference: {fileID: 0}
    - target: {fileID: 424062, guid: 686ce031ecc8ebf4193b15d8d50fab2d, type: 2}
      propertyPath: m_LocalPosition.y
      value: -6.84000015
      objectReference: {fileID: 0}
    - target: {fileID: 424062, guid: 686ce031ecc8ebf4193b15d8d50fab2d, type: 2}
      propertyPath: m_LocalPosition.z
      value: 0
      objectReference: {fileID: 0}
    - target: {fileID: 424062, guid: 686ce031ecc8ebf4193b15d8d50fab2d, type: 2}
      propertyPath: m_LocalRotation.x
      value: 0
      objectReference: {fileID: 0}
    - target: {fileID: 424062, guid: 686ce031ecc8ebf4193b15d8d50fab2d, type: 2}
      propertyPath: m_LocalRotation.y
      value: 0
      objectReference: {fileID: 0}
    - target: {fileID: 424062, guid: 686ce031ecc8ebf4193b15d8d50fab2d, type: 2}
      propertyPath: m_LocalRotation.z
      value: 0
      objectReference: {fileID: 0}
    - target: {fileID: 424062, guid: 686ce031ecc8ebf4193b15d8d50fab2d, type: 2}
      propertyPath: m_LocalRotation.w
      value: 1
      objectReference: {fileID: 0}
    - target: {fileID: 424062, guid: 686ce031ecc8ebf4193b15d8d50fab2d, type: 2}
      propertyPath: m_RootOrder
      value: 14
      objectReference: {fileID: 0}
    - target: {fileID: 101260, guid: 686ce031ecc8ebf4193b15d8d50fab2d, type: 2}
      propertyPath: m_Name
      value: Pig (12)
      objectReference: {fileID: 0}
    m_RemovedComponents: []
  m_ParentPrefab: {fileID: 100100000, guid: 686ce031ecc8ebf4193b15d8d50fab2d, type: 2}
  m_IsPrefabParent: 0
